@phdthesis{GomezMartinMA2008PhD,
   Author = {G\'{o}mez-Mart\'{i}n, Marco Antonio},
   Title = {Arquitectura y metodología para el desarrollo de sistemas educativos basados en videojuegos},
   School = {Universidad Complutense de Madrid},
   Type = {PhD},
   Year = {2008}
}

@phdthesis{GomezMartinPP2008PhD,
   Author = {G\'{o}mez-Mart\'{i}n, Pedro Pablo},
   Title = {Modelo de enseñanza basado en casos: de los tutores inteligentes a los videojuegos},
   School = {Universidad Complutense de Madrid},
   Type = {PhD},
   Year = {2008}
}

@Article{CCLatex,
  author = 	 {G\'{o}mez-Mart\'{i}n, Marco Antonio and G\'{o}mez-Mart\'{i}n, Pedro Pablo},
  title = 	 {Continuous Integration in {\LaTeX}},
  journal = 	 {The Prac\TeX\ Journal},
  number =      1,
  year = 	 2010,
}

@misc{wiki1,
	author = {Wikipedia},
	title = {Captura de movimiento - Wikipedia, la enciclopedia libre},
	organization = {\url{https://es.wikipedia.org/wiki/Captura_de_movimiento}},
	month = {},
	year = {2017}
}

@book{capoeira2007little,
  title={The little Capoeira book},
  author={Capoeira, Nestor},
  year={2007},
  publisher={Blue Snake Books}
}

@book{lavieri2015getting,
  title={Getting Started with Unity 5},
  author={Lavieri, Edward},
  year={2015},
  publisher={Packt Publishing Ltd}
}



@manual{Unity,
author = {{Unity Technologies}},
title = {Unity - Game engine, tools and multiplatform. [online] . [Accessed 07 June 2017].},
year = {2017},
language = {English},
version = {Version 5.5},
organization = {https://unity3d.com/es/unity}
}



@manual{VSMS,
author = {Microsoft},
title = {Microsoft Visual Studio. [online] . [Accessed 07 June 2017].},
year = {2017},
organization = {\url{https://www.microsoft.com}}
}

@manual{NintendoWii,
	author = {Nintendo},
	title = {Wii | Nintendo},
	organization  = {\url{https://www.nintendo.es/Wii/Wii-94559.html}},
	month = {},
	year = {2006}
}

@manual{PlayStationMove,
	author = {Sony},
	title = {Mando de movimiento PlayStation Move | Más formas de jugar | PlayStation},
	organization = {\url{https://www.playstation.com/es-es/explore/accessories/playstation-move-motion-controller/}},
	month = {},
	year = {2010}
}

@manual{Kinectv2,
	author = {Microsoft},
	title = {Kinect para Xbox One | Xbox},
	organization = {\url{http://www.xbox.com/es-ES/xbox-one/accessories/kinect}},
	month = {},
	year = {2010}
}
@manual{PlayStationEye,
	author = {Sony},
	title = {Cámara PlayStation® Eye - PlayStation®3 Accesorios - PS3? Accesorios para PlayStation®},
	organization = {\url{http://latam.playstation.com/ps3/accesorios/scph-98047.html}},
	month = {},
	year = {2013}
}

@mastersthesis{aleman2014solucion,
	title={Soluci{\'o}n de bajo coste de captura de movimiento basada en Kinect},
	author={Alem{\'a}n Soler, N{\'e}stor M},
	year={2014},
	type ={TFG}
}

@mastersthesis{menendez2015protocolo,
	title={Protocolo de trabajo y banco de pruebas para el uso del equipo de captura de movimientos MOCAP-Optitrack},
	author={Men{\'e}ndez Mendoza, Sa{\'u}l and Rodr{\'\i}guez Marante, Jonathan},
	year={2015},
	type ={TFG}
}

@mastersthesis{mejias2014rotoscopia,
	title={Rotoscopia y captura de movimiento. Una aproximaci{\'o}n general a trav{\'e}s de sus t{\'e}cnicas y procesos en la postproducci{\'o}n},
	author={MEJ{\'I}AS, SARA M{\'E}RIDA},
	year={2014},
	type ={TFG}
}

@manual{adaptadorKinect,
	author = {Microsoft},
	title = {Buy Kinect Adapter for Xbox One S and Windows PC - Microsoft Store},
	organization = {\url{https://www.microsoft.com/en-us/store/d/Kinect-Adapter-for-Xbox-One-S-and-Windows-PC/933Z2VKMTHCS}},
	month = {},
	year = {2014}
}

@manual{HardwareKinect,
	author = {Microsoft},
	title = {Hardware de Kinect},
	organization = {\url{https://developer.microsoft.com/es-es/windows/kinect/hardware}},
	month = {},
	year = {2014}
}

@manual{KinectdeWindows,
	author = {Microsoft},
	title = {Kinect: desarrollo de aplicaciones de Windows},
	howpublished = {\url{https://developer.microsoft.com/es-es/windows/kinect}},
	month = {},
	year = {2014}
}

@manual{Unreal,
author = {Epic Games},
title = {Unreal - Game Engine Technology. [online] . [Accessed 07 June 2017].},
year = {2017},
language = {English},
organization = {https://www.unrealengine.com/en-US/blog}
}



@manual{Unity_Manual,
author = {Technologies, U.},
title = {Unity - Manual: Unity Manual. [online] . [Accessed 07 June 2017].},
year = {2017},
language = {English},
version = {Version 5.5},
organization = {http://docs.unity3d.com/Manual/index.html},
}

@manual{Unity-relations,
author = {Technologies, U.},
title = {Unity - Game engine, tools and multiplatform. [online] . [Accessed 07 June 2017].},
year = {2017},
language = {English},
version = {Version 5.5},
organization = {https://unity3d.com/es/public-relations},
}

@MastersThesis{Keerthy:Thesis:2012,
    author     =     {Naveen Kumar Keerthy},
    title     =     {{Virtual Kung fu Sifu with Kinect}},
    school     =     {San Jos\'{e} State University},
    address     =     {CA, USA},
    year     =     {2012},
 }
	
@article{gao2015leveraging,
  title={Leveraging two kinect sensors for accurate full-body motion capture},
  author={Gao, Zhiquan and Yu, Yao and Zhou, Yu and Du, Sidan},
  journal={Sensors},
  volume={15},
  number={9},
  pages={24297--24317},
  year={2015},
  publisher={Multidisciplinary Digital Publishing Institute}
}

@article{Kyan:2015:ABD:2753829.2735951,
 author = {Kyan, Matthew and Sun, Guoyu and Li, Haiyan and Zhong, Ling and Muneesawang, Paisarn and Dong, Nan and Elder, Bruce and Guan, Ling},
 title = {{An Approach to Ballet Dance Training Through MS Kinect and Visualization in a CAVE Virtual Reality Environment}},
 journal = {ACM Trans. Intell. Syst. Technol.},
 issue_date = {May 2015},
 volume = {6},
 number = {2},
 month = mar,
 year = {2015},
 issn = {2157-6904},
 pages = {23:1--23:37},
 articleno = {23},
 numpages = {37},
 doi = {10.1145/2735951},
 acmid = {2735951},
 publisher = {ACM},
 address = {New York, NY, USA},
 keywords = {CAVE, MS Kinect, ballet, dance, gesture recognition, human--computer interaction, immersive training and simulation, self-organizing maps, virtual reality},
} 


@MastersThesis{Staab:Thesis:2014,
    author     =     {Ryan Staab},
    title     =     {{Recognizing specific errors in human physical exercise performance with Microsoft \texttt{Kinect}}},
    school     =     {California Polytechnic State University},
    address     =     {CA, USA},
    year     =     {2014},
    }

	
@Inbook{Paredes2014,
author="Paredes, Hugo
and Cassola, Fernando
and Morgado, Leonel
and de Carvalho, Fausto
and Ala, Silvia
and Cardoso, Francisco
and Fonseca, Benjamim
and Martins, Paulo",
editor="Miesenberger, Klaus
and Fels, Deborah
and Archambault, Dominique
and Pe{\v{n}}{\'a}z, Petr
and Zagler, Wolfgang",
title= {{Exploring the Usage of 3D Virtual Worlds and Kinect Interaction in Exergames with Elderly}},
bookTitle="Computers Helping People with Special Needs: 14th International Conference, ICCHP 2014, Paris, France, July 9-11, 2014, Proceedings, Part I",
year="2014",
publisher="Springer International Publishing",
address="Cham",
pages="297--300",
isbn="978-3-319-08596-8",
doi="10.1007/978-3-319-08596-8_47"
}

@Inbook{Ruttkay2008,
author="Ruttkay, Zs{\'o}fia
and van Welbergen, Herwin",
editor="Prendinger, Helmut
and Lester, James
and Ishizuka, Mitsuru",
title="Elbows Higher! Performing, Observing and Correcting Exercises by a Virtual Trainer",
bookTitle="Intelligent Virtual Agents: 8th International Conference, IVA 2008, Tokyo, Japan, September 1-3, 2008. Proceedings",
year="2008",
publisher="Springer Berlin Heidelberg",
address="Berlin, Heidelberg",
pages="409--416",
isbn="978-3-540-85483-8",
doi="10.1007/978-3-540-85483-8_41"
}

@book{chua2003training,
  title={Training for physical tasks in virtual environments: Tai Chi},
  author={Chua, Philo Tan and Crivella, Rebecca and Daly, Bo and Hu, Ning and Schaaf, Russ and Ventura, David and Camill, Todd and Hodgins, Jessica and Pausch, Randy},
  booktitle={Virtual Reality, 2003. Proceedings. IEEE},
  pages={87--94},
  year={2003},
  organization={IEEE}
}

@incollection{li2014development,
  title={Development of exergame-based virtual trainer for physical therapy using kinect},
  author={Li, Baihua and Maxwell, Mark and Leightley, Daniel and Lindsay, Angela and Johnson, Wendy and Ruck, Andrew},
  booktitle={Games for Health 2014},
  pages={79--88},
  year={2014},
  publisher={Springer}
}

@article{sin2013additional,
  title={Additional virtual reality training using Xbox Kinect in stroke survivors with hemiplegia},
  author={Sin, HyeonHui and Lee, GyuChang},
  journal={American Journal of Physical Medicine \& Rehabilitation},
  volume={92},
  number={10},
  pages={871--880},
  year={2013},
  publisher={LWW}
}


